@book{Cormen2009,
  title={Introduction to {Algorithms}},
  author={Cormen, TH. and Leiserson, CE. and Rivest, RL. and Stein, C.},
  isbn={9780262033848},
  series={Computer {Science}},
  year={2009},
  publisher={MIT Press}
}

@article{brendomatos,
  author    = {Wilfredo Rojas},
  title     = {
	Análisis de complejidad del algoritmo: ¿cuál es la importancia?},
  year      = {2022},
}
https://www.aluracursos.com/blog/analisis-de-la-complejidad-del-algoritmo 